<record xmlns='http://www.loc.gov/MARC21/slim'><leader>02646nas a2200673 i 4500</leader><controlfield tag='001'>99122306151806421</controlfield><controlfield tag='005'>20201203154027.0</controlfield><controlfield tag='006'>m---- o--d- ------</controlfield><controlfield tag='007'>cr-mnu||||||||</controlfield><controlfield tag='008'>010606c18699999enkwr-pso     0---b0eng c</controlfield><datafield ind1=' ' ind2=' ' tag='010'><subfield code='a'>  2005233250</subfield></datafield><datafield ind1='7' ind2=' ' tag='016'><subfield code='a'>N07600000</subfield><subfield code='2'>DNLM</subfield></datafield><datafield ind1='7' ind2=' ' tag='016'><subfield code='a'>012434483</subfield><subfield code='2'>Uk</subfield></datafield><datafield ind1='7' ind2=' ' tag='016'><subfield code='a'>014374374</subfield><subfield code='2'>Uk</subfield></datafield><datafield ind1=' ' ind2=' ' tag='022'><subfield code='a'>1476-4687</subfield></datafield><datafield ind1=' ' ind2=' ' tag='030'><subfield code='a'>NATUAS</subfield></datafield><datafield ind1=' ' ind2=' ' tag='035'><subfield code='a'>(DE-599)ZDB1413423 8</subfield></datafield><datafield ind1=' ' ind2=' ' tag='035'><subfield code='a'>(OCoLC)47076528</subfield></datafield><datafield ind1=' ' ind2=' ' tag='035'><subfield code='a'>(CKB)954925427238</subfield></datafield><datafield ind1=' ' ind2=' ' tag='035'><subfield code='a'>(CONSER)--2005233250</subfield></datafield><datafield ind1=' ' ind2=' ' tag='035'><subfield code='a'>(EXLCZ)99954925427238</subfield></datafield><datafield ind1=' ' ind2=' ' tag='042'><subfield code='a'>pcc</subfield><subfield code='a'>dlr</subfield><subfield code='d'>UK-SaU</subfield><subfield code='e'>rda</subfield></datafield><datafield ind1='0' ind2='0' tag='050'><subfield code='a'>Q1</subfield></datafield><datafield ind1='0' ind2=' ' tag='060'><subfield code='a'>W1 NA81</subfield></datafield><datafield ind1='0' ind2=' ' tag='130'><subfield code='a'>Nature (Online)</subfield></datafield><datafield ind1=' ' ind2=' ' tag='210'><subfield code='a'>NATURE (LOND)</subfield></datafield><datafield ind1='1' ind2=' ' tag='210'><subfield code='a'>Nature</subfield><subfield code='b'>(Basingstoke, Online)</subfield></datafield><datafield ind1=' ' ind2='0' tag='222'><subfield code='a'>Nature</subfield><subfield code='b'>(Basingstoke. Online)</subfield></datafield><datafield ind1='1' ind2='0' tag='245'><subfield code='a'>Nature.</subfield></datafield><datafield ind1=' ' ind2='1' tag='264'><subfield code='a'>London :</subfield><subfield code='b'>Springer Nature.</subfield></datafield><datafield ind1=' ' ind2=' ' tag='310'><subfield code='a'>Weekly</subfield></datafield><datafield ind1=' ' ind2=' ' tag='336'><subfield code='a'>text</subfield><subfield code='b'>txt</subfield><subfield code='2'>rdacontent</subfield></datafield><datafield ind1=' ' ind2=' ' tag='337'><subfield code='a'>computer</subfield><subfield code='b'>c</subfield><subfield code='2'>rdamedia</subfield></datafield><datafield ind1=' ' ind2=' ' tag='338'><subfield code='a'>online resource</subfield><subfield code='b'>cr</subfield><subfield code='2'>rdacarrier</subfield></datafield><datafield ind1='1' ind2=' ' tag='362'><subfield code='a'>Print began with v. 1 (Nov. 4, 1869).</subfield></datafield><datafield ind1=' ' ind2=' ' tag='500'><subfield code='a'>Weekly international journal publishing peer-reviewed research in all fields of science and technology.</subfield></datafield><datafield ind1=' ' ind2=' ' tag='506'><subfield code='3'>Use copy</subfield><subfield code='f'>Restrictions unspecified</subfield><subfield code='2'>star</subfield><subfield code='5'>MiAaHDL</subfield></datafield><datafield ind1=' ' ind2=' ' tag='533'><subfield code='a'>Electronic reproduction.</subfield><subfield code='b'>[Place of publication not identified] :</subfield><subfield code='c'>HathiTrust Digital Library,</subfield><subfield code='d'>2010.</subfield><subfield code='5'>MiAaHDL</subfield></datafield><datafield ind1=' ' ind2=' ' tag='538'><subfield code='a'>Master and use copy. Digital master created according to Benchmark for Faithful Digital Reproductions of Monographs and Serials, Version 1. Digital Library Federation, December 2002.</subfield><subfield code='u'>http://purl.oclc.org/DLF/benchrepro0212</subfield><subfield code='5'>MiAaHDL</subfield></datafield><datafield ind1=' ' ind2=' ' tag='538'><subfield code='a'>Mode of access: World Wide Web.</subfield></datafield><datafield ind1='1' ind2=' ' tag='583'><subfield code='a'>digitized</subfield><subfield code='c'>2010</subfield><subfield code='h'>HathiTrust Digital Library</subfield><subfield code='l'>committed to preserve</subfield><subfield code='2'>pda</subfield><subfield code='5'>MiAaHDL</subfield></datafield><datafield ind1='0' ind2=' ' tag='588'><subfield code='a'>Vol. 385, no. 6612 (Jan. 9, 1997); title from journal homepage (publisher&apos;s Web site, viewed Sept. 28, 2005).</subfield></datafield><datafield ind1='1' ind2=' ' tag='588'><subfield code='a'>Vol. 576, no. 7787 (19 Dec. 2019) (SpringerLink website, viewed Dec. 30, 2019).</subfield></datafield><datafield ind1=' ' ind2='0' tag='650'><subfield code='a'>Science</subfield><subfield code='v'>Periodicals.</subfield></datafield><datafield ind1=' ' ind2='2' tag='650'><subfield code='a'>Science.</subfield></datafield><datafield ind1=' ' ind2='6' tag='650'><subfield code='a'>Sciences</subfield><subfield code='v'>Periodicals.</subfield></datafield><datafield ind1=' ' ind2='6' tag='650'><subfield code='a'>Biology</subfield><subfield code='v'>Periodicals.</subfield></datafield><datafield ind1=' ' ind2='6' tag='650'><subfield code='a'>Physique</subfield><subfield code='v'>Periodicals.</subfield></datafield><datafield ind1=' ' ind2='7' tag='650'><subfield code='a'>Science.</subfield><subfield code='2'>fast</subfield><subfield code='0'>(OCoLC)fst01108176</subfield></datafield><datafield ind1='1' ind2='7' tag='650'><subfield code='a'>NATURAL HISTORY.</subfield><subfield code='2'>unbist</subfield></datafield><datafield ind1='1' ind2='7' tag='650'><subfield code='a'>BIOLOGY.</subfield><subfield code='2'>unbist</subfield></datafield><datafield ind1='1' ind2='7' tag='650'><subfield code='a'>SCIENCE.</subfield><subfield code='2'>unbist</subfield></datafield><datafield ind1=' ' ind2='0' tag='655'><subfield code='a'>Electronic journals.</subfield></datafield><datafield ind1=' ' ind2='2' tag='655'><subfield code='a'>Periodical.</subfield></datafield><datafield ind1=' ' ind2='7' tag='655'><subfield code='a'>Periodicals.</subfield><subfield code='2'>fast</subfield><subfield code='0'>(OCoLC)fst01411641</subfield></datafield><datafield ind1='1' ind2=' ' tag='776'><subfield code='x'>0028-0836</subfield></datafield><datafield ind1='0' ind2='6' tag='780'><subfield code='t'>Nature New Biology</subfield><subfield code='w'>(CKB)954927601631</subfield><subfield code='w'>(DLC)72026185</subfield><subfield code='x'>2058-1092</subfield></datafield><datafield ind1='0' ind2='5' tag='780'><subfield code='t'>Nature Physical Science</subfield><subfield code='w'>(CKB)958480240332</subfield><subfield code='x'>2058-1106</subfield></datafield><datafield ind1='2' ind2=' ' tag='710'><subfield code='a'>Nature Publishing Group</subfield><subfield code='e'>issuing body</subfield></datafield><datafield ind1=' ' ind2=' ' tag='906'><subfield code='a'>JOURNAL</subfield></datafield><datafield ind1=' ' ind2=' ' tag='AVE'><subfield code='8'>53443322610006421</subfield><subfield code='c'>61428536390006421</subfield><subfield code='e'>Available</subfield><subfield code='m'>Nature</subfield><subfield code='s'> Available from 1869 volume: 1 issue: 1.</subfield><subfield code='t'>Nature</subfield><subfield code='u'>publishing_base_url undefined?u.ignore_date_coverage=true&amp;rft.mms_id=99122306151806421</subfield></datafield><datafield ind1=' ' ind2=' ' tag='AVE'><subfield code='8'>53443322590006421</subfield><subfield code='c'>61428535800006421</subfield><subfield code='e'>Available</subfield><subfield code='m'>EBSCOhost MasterFILE Elite</subfield><subfield code='s'> Available from 06/05/1997 until 11/27/2015.</subfield><subfield code='t'>EBSCOhost</subfield><subfield code='u'>publishing_base_url undefined?u.ignore_date_coverage=true&amp;rft.mms_id=99122306151806421</subfield></datafield><datafield ind1=' ' ind2=' ' tag='AVE'><subfield code='8'>53443322580006421</subfield><subfield code='c'>61428537640006421</subfield><subfield code='e'>Available</subfield><subfield code='m'>EBSCOhost Academic Search Ultimate</subfield><subfield code='s'> Available from 1997 until 2015.</subfield><subfield code='t'>EBSCOhost</subfield><subfield code='u'>publishing_base_url undefined?u.ignore_date_coverage=true&amp;rft.mms_id=99122306151806421</subfield></datafield><datafield ind1=' ' ind2=' ' tag='AVE'><subfield code='8'>53443322630006421</subfield><subfield code='c'>61428538600006421</subfield><subfield code='e'>Available</subfield><subfield code='m'>ProQuest Central</subfield><subfield code='s'> Available from 01/04/1990. Most recent 1 year(s) not available.</subfield><subfield code='t'>ProQuest</subfield><subfield code='u'>publishing_base_url undefined?u.ignore_date_coverage=true&amp;rft.mms_id=99122306151806421</subfield></datafield><datafield ind1=' ' ind2=' ' tag='AVE'><subfield code='8'>53443322600006421</subfield><subfield code='c'>61428542400006421</subfield><subfield code='e'>Available</subfield><subfield code='m'>free eJournals</subfield><subfield code='s'> Available from 1869 volume: 1 issue: 1 until 1875 volume: 12 issue: 313.</subfield><subfield code='t'>Free E- Journals</subfield><subfield code='u'>publishing_base_url undefined?u.ignore_date_coverage=true&amp;rft.mms_id=99122306151806421</subfield></datafield><datafield ind1=' ' ind2=' ' tag='AVE'><subfield code='8'>53443322620006421</subfield><subfield code='c'>61428541610006421</subfield><subfield code='e'>Available</subfield><subfield code='m'>PressReader</subfield><subfield code='t'>PressReader</subfield><subfield code='u'>publishing_base_url undefined?u.ignore_date_coverage=true&amp;rft.mms_id=99122306151806421</subfield></datafield><datafield ind1=' ' ind2=' ' tag='AVE'><subfield code='8'>53443322640006421</subfield><subfield code='c'>61428538710006421</subfield><subfield code='e'>Available</subfield><subfield code='m'>SciTech Premium Collection</subfield><subfield code='s'> Available from 01/04/1990. Most recent 1 year(s) not available.</subfield><subfield code='t'>ProQuest</subfield><subfield code='u'>publishing_base_url undefined?u.ignore_date_coverage=true&amp;rft.mms_id=99122306151806421</subfield></datafield><datafield ind1=' ' ind2=' ' tag='AVE'><subfield code='8'>53443322570006421</subfield><subfield code='c'>61428538230006421</subfield><subfield code='e'>Available</subfield><subfield code='m'>Biodiversity Heritage Library Free</subfield><subfield code='s'> Available from 1869 until 1923.</subfield><subfield code='t'>Biodiversity Heritage Library</subfield><subfield code='u'>publishing_base_url undefined?u.ignore_date_coverage=true&amp;rft.mms_id=99122306151806421</subfield></datafield></record>